<?xml version="1.0" encoding="UTF-8"?><record xmlns="http://www.loc.gov/MARC21/slim" xmlns:cinclude="http://apache.org/cocoon/include/1.0" xmlns:zs="http://www.loc.gov/zing/srw/">
  <leader>00531cz  a2200145n  4500</leader>
  <controlfield tag="001">n  91071605 </controlfield>
  <controlfield tag="003">DLC</controlfield>
  <controlfield tag="005">20000715070151.0</controlfield>
  <controlfield tag="008">910719n| acannaabn          |a aaa      </controlfield>
  <datafield tag="010" ind1=" " ind2=" ">
    <subfield code="a">n  91071605 </subfield>
  </datafield>
  <datafield tag="035" ind1=" " ind2=" ">
    <subfield code="a">(OCoLC)oca02986213</subfield>
  </datafield>
  <datafield tag="040" ind1=" " ind2=" ">
    <subfield code="a">DLC</subfield>
    <subfield code="b">eng</subfield>
    <subfield code="c">DLC</subfield>
    <subfield code="d">DLC</subfield>
    <subfield code="d">OCoLC</subfield>
  </datafield>
  <datafield tag="100" ind1="1" ind2=" ">
    <subfield code="a">Fernández Solís, José Ma.</subfield>
    <subfield code="q">(José María)</subfield>
  </datafield>
  <datafield tag="400" ind1="1" ind2=" ">
    <subfield code="a">Solís, José Ma. Fernández</subfield>
    <subfield code="q">(José María Fernández)</subfield>
  </datafield>
  <datafield tag="670" ind1=" " ind2=" ">
    <subfield code="a">Arenas Hernández, T.D. El pasado común y el devenir del pueblo ... 1989:</subfield>
    <subfield code="b">t.p. (José Ma. Fernández Solís)</subfield>
  </datafield>
</record>